<record><leader>00000cas a22000007a 4500</leader><controlfield tag="001">11076128</controlfield><controlfield tag="008">840821d1842184unhuwr ne      0    0eng d</controlfield><controlfield tag="009">330</controlfield><datafield ind1=" " ind2=" " tag="010"><subfield code="a">sn 84037852 </subfield></datafield><datafield ind1=" " ind2=" " tag="040"><subfield code="a">AQM</subfield><subfield code="b">eng</subfield><subfield code="c">AQM</subfield><subfield code="d">DLC</subfield><subfield code="d">OCLCF</subfield></datafield><datafield ind1=" " ind2=" " tag="042"><subfield code="a">msc</subfield></datafield><datafield ind1=" " ind2=" " tag="043"><subfield code="a">n-us-nh</subfield></datafield><datafield ind1="0" ind2="0" tag="050"><subfield code="a">Newspaper</subfield></datafield><datafield ind1="0" ind2="0" tag="245"><subfield code="a">Nashua gazette and Hillsborough advertiser.</subfield></datafield><datafield ind1=" " ind2=" " tag="260"><subfield code="a">Nashua, N.H. :</subfield><subfield code="b">C.P. Danforth,</subfield><subfield code="c">1842-</subfield></datafield><datafield ind1=" " ind2=" " tag="300"><subfield code="a">v.</subfield></datafield><datafield ind1=" " ind2=" " tag="310"><subfield code="a">Weekly</subfield></datafield><datafield ind1="0" ind2=" " tag="362"><subfield code="a">Vol. 16, no. 1 (Feb. 18, 1842)-</subfield></datafield><datafield ind1=" " ind2=" " tag="500"><subfield code="a">Editor: W.H. Hewes, 1845-1846.</subfield></datafield><datafield ind1=" " ind2=" " tag="500"><subfield code="a">Publishers: Wm. H. Hewes, 1845-1846; Wm. Butterfield, 1846; B.B. &amp; F.P. Whittemore, &lt;1846&gt;.</subfield></datafield><datafield ind1=" " ind2=" " tag="500"><subfield code="a">"The organ of the Democratic party of Nashua." Cf. Hurd, D.H. Hist. of Hillsborough Co., 1885.</subfield></datafield><datafield ind1=" " ind2="0" tag="651"><subfield code="a">Nashua (N.H.)</subfield><subfield code="v">Newspapers.</subfield></datafield><datafield ind1=" " ind2="7" tag="655"><subfield code="a">Newspapers.</subfield><subfield code="2">rbgenr</subfield></datafield><datafield ind1=" " ind2="7" tag="655"><subfield code="a">Newspapers.</subfield><subfield code="2">fast</subfield><subfield code="0">(OCoLC)fst01423814</subfield></datafield><datafield ind1=" " ind2="7" tag="651"><subfield code="a">New Hampshire</subfield><subfield code="z">Nashua.</subfield><subfield code="2">fast</subfield><subfield code="0">(OCoLC)fst01209007</subfield></datafield><datafield ind1="1" ind2=" " tag="700"><subfield code="a">Hewes, William H.</subfield></datafield><datafield ind1=" " ind2=" " tag="752"><subfield code="a">United States</subfield><subfield code="b">New Hampshire</subfield><subfield code="c">Hillsboro</subfield><subfield code="d">Nashua.</subfield></datafield><datafield ind1="0" ind2="0" tag="780"><subfield code="t">Nashua gazette and Hillsborough County advertiser (Nashua, N.H. : 1827)</subfield><subfield code="w">(DLC)sn 84020497</subfield><subfield code="w">(OCoLC)10940904</subfield></datafield><datafield ind1="0" ind2="0" tag="785"><subfield code="t">Nashua gazette and Hillsborough County advertiser (Nashua, N.H. : 1846)</subfield><subfield code="w">(DLC)sn 84037853</subfield><subfield code="w">(OCoLC)11076280</subfield></datafield></record>